@string{UNKNOWN = "UNKNOWN"}

%[IMPORTED STRING DEFINITIONS]

%[JOURNALS]

@string{aij = "Artificial Intelligence"}

@string{aimag = "AI~Magazine"}

@string{bij = "Bioinformatics"}

@string{dke = "Data and Knowledge Engineering"}

@string{dmkd = "Data Mining and Knowledge Discovery"}

@string{ida = "Intelligent Data Analysis"}

@string{kde = "IEEE Transactions on Knowledge and Data Engineering"}

@string{ml = "Machine Learning"}

@string{pami = "IEEE Transactions on Pattern Analysis and Machine Intelligence (PAMI)"}

@string{sigkdd = "SIGKDD Explorations"}

%[PUBLISHERS]

@string{kluwer = "Kluwer Academic Publishers"}

@string{kluwer-ad = "Dordrecht, The Netherlands"}

@string{SV = "Springer-Verlag"}

%[ORGANIZATIONS]

@string{aaai = "American Association for Artificial Intelligence"}

@string{aaai-ad = "Menlo Park"}

@string{aamas04 = "3rd International Joint Conference on Autonomous Agents
          and Multiagent Systems"}

@string{aamas04Ed = "Sierra, C. and Sonenberg, L."}

@string{aamas04Addr = "New York, NY, USA"}

@string{acl = "Association for Computational Linguistics"}

@string{acm = "Association for Computing Machinery"}

@string{acm-ad = "New York"}

%[SCHOOLS]

@string{cmucs = "Computer Science Department, Carnegie-Mellon University"}

@string{cmucs-ad = "Pittsburgh, Pennsylvania"}

@string{upenn = "University of Pennsylvania"}

%[CONFERENCES]

@string{kdd02 = "Proceedings of the Conference on Knowledge and Data Discovery
                 (KDD-2002)"}

@string{kdmm98 = "Proceedings of the 4th International Conference on Knowledge Discovery and Data Mining"}

@string{kdmm98addr = "New York"}

@string{uai00 = "Proceedings of the 16th Annual Conference on Uncertainty in Artificial Intelligence"}

%[REFERENCES] %%%%%%%%%%%%%%%%%%%%%%%%%%%%%%%%%%%%%%%%%%%%%%%%%%

@Book{WANN,
ALTauthor = {Wann, J. and Mon-Williams, M.},
ALTeditor = {*},
title = {What does virtual reality NEED? Human factors issues in the design of three-dimensional computer environments.},
publisher = {International Journal of Human-Computer Studies},
year = {1996},
OPTkey = {44, 829-847},
OPTvolume = {•},
OPTnumber = {•},
OPTseries = {•},
OPTaddress = {•},
OPTedition = {•},
OPTmonth = {•},
OPTnote = {•},
OPTannote = {•}
}
@Book{ILLERIS,
ALTauthor = {Knud Illeris},
ALTeditor = {•},
title = {Adult Education and Adult Learning},
publisher = {Krieger Publishing Company},
year = {2004},
OPTkey = {•},
OPTvolume = {•},
OPTnumber = {•},
OPTseries = {•},
OPTaddress = {•},
OPTedition = {•},
OPTmonth = {•},
OPTnote = {•},
OPTannote = {•}
}
@Book{VESTER,
ALTauthor = {Frederic Vester , Denken, Lernen, Vergessen},
ALTeditor = {•},
title = {Invatare, Intelegere, Uitare},
publisher = {DTV},
year = {1998},
OPTkey = {•},
OPTvolume = {•},
OPTnumber = {•},
OPTseries = {•},
OPTaddress = {•},
OPTedition = {•},
OPTmonth = {•},
OPTnote = {•},
OPTannote = {•}
}
%Sursa Web, publisher:Comunitatea Coin3D, https://bitbucket.org/Coin3D/coin/wiki/IntroductionToCoin3D (data preluării 2.02.2013)
@online{COIN_COMM,
author = {Comunitatea programatorilor - Coin3D},
title = {Introducere},
year = {2013},
url = {https://bitbucket.org/Coin3D/coin/wiki/IntroductionToCoin3D},
OPTsubtitle = {•},
OPTtitleaddon = {•},
OPTlanguage = {•},
OPTversion = {•},
OPTnote = {•},
OPTorganization = {•},
OPTdate = {•},
OPTmonth = {•},
OPTaddendum = {•},
OPTpubstate = {•},
OPTurldate = {2.02.2013},
}
%[6] David Nadeau, The Inventor Mentor:Programming ObjectOriented 3D Graphics with Open Inventor,Release 2
@Booklet{NADEAU,
title = {The Inventor Mentor:Programming ObjectOriented 3D Graphics with Open Inventor, Release 2},
OPTkey = {•},
OPTauthor = {David Nadeau},
OPThowpublished = {•},
OPTaddress = {•},
OPTmonth = {•},
OPTyear = {•},
OPTnote = {•},
OPTannote = {•}
}
@Booklet{NADEAU2,
title = {Introduction to VRML 97},
OPTkey = {•},
OPTauthor = {David Nadeau},
OPThowpublished = {•},
OPTaddress = {nadeau@sdsc.edu},
OPTmonth = {•},
OPTyear = {1998},
OPTnote = {•},
OPTannote = {•}
}
%[7] Sursa Web; publicat de : MathWorks; http://www.mathworks.com/help/sl3d/vrml.html#f2-30068 (data preluării 01.05.2013)
@online{MATHWORKS,
author = {MathWorks},
title = {•},
year = {2013},
url = {http://www.mathworks.com/help/sl3d/vrml.html#f2-30068},
OPTsubtitle = {•},
OPTtitleaddon = {•},
OPTlanguage = {•},
OPTversion = {•},
OPTnote = {•},
OPTorganization = {•},
OPTdate = {•},
OPTmonth = {•},
OPTaddendum = {•},
OPTpubstate = {•},
OPTurldate = {01.05.2013},
}
@manual{VRML,
author = {The VRML Consortium Incorporated},
title = {The Virtual Reality Modeling Language},
year = {1997},
OPTsubtitle = {International Standard ISO/IEC 14772-1:1997},
OPTtitleaddon = {•},
OPTlanguage = {Engleză},
OPTedition = {•},
OPTtype = {•},
OPTseries = {•},
OPTnumber = {•},
OPTversion = {1},
OPTnote = {•},
OPTorganization = {•},
OPTpublisher = {•},
OPTlocation = {•},
OPTisbn = {•},
OPTchapter = {•},
OPTpages = {•},
OPTpagetotal = {•},
OPTaddendum = {•},
OPTpubstate = {•},
OPTdoi = {•},
OPTeprint = {•},
OPTeprintclass = {•},
OPTeprinttype = {•},
OPTurl = {•},
OPTurldate = {•},
}

@Manual{DYN_LIB,
title = {How To Write Shared Libraries},
OPTkey = {•},
OPTauthor = {Ulrich Drepper},
OPTorganization = {•},
OPTaddress = {drepper@gmail.com},
OPTedition = {•},
OPTmonth = {Decembrie},
OPTyear = {2011},
OPTnote = {•},
OPTannote = {•}
}

@Book{QT,
ALTauthor = {Jasmin Blanchette; Mark Summerfield},
ALTeditor = {•},
title = {C++ GUI Programming with Qt 4},
publisher = {Prentice Hall},
year = {2008},
OPTkey = {ISBN-10: 0-13-714397-4},
OPTvolume = {•},
OPTnumber = {752},
OPTseries = {•},
OPTaddress = {•},
OPTedition = {Second Edition},
OPTmonth = {•},
OPTnote = {•},
OPTannote = {•}
}

